@Manual{SPU1,
  title = 	 {Synergistic Processor Unit, Instruction Set Architecture},
  OPTkey = 	 {},
  author =	 {IBM},
  OPTorganization = {IBM},
  OPTaddress = 	 {},
  OPTedition = 	 {},
  month =	 {August},
  year =	 {2005},
  OPTnote = 	 {},
  OPTannote = 	 {}
}

@ARTICLE{2001Piumarta,
  author = {I. Piumarta and F. Ogel and B. Folliot},
  title = {Ynvm: dynamic compilation in support of software evolution},
  year = {2001},
  abstract = {The YNVM is a response to the rigidity inherent in current programming
	languages and environments, which presnet significant barriers to
	the constructions of dynamically reconfigurable systems.},
  pdf = {Article/2001Piumarta.pdf},
  text = {I. Piumarta, F. Ogel, and B. Folliot. Ynvm: dynamic compilation in
	support of software evolution. In Engineering Complex Object Oriented
	System for Evolution, OOPSLA, Tampa Bay, Floride, October 2001.},
  url = {citeseer.ist.psu.edu/piumarta01ynvm.html}
}
